,
  url = {http://en.wikipedia.org/wiki/Sophistical\_Refutations},
  note = {Accessed on 2014-12-22 at \url{http://en.wikipedia.org/wiki/Sophistical\_Refutations}}
